'
@Misc{NodeFam-Q,
  author  = {Holene},
  month   = apr,
  title   = {Dependent node size in {TikZ}},
  year    = {2017},
  file    = {Snapshot:https\://tex.stackexchange.com/questions/107227/dependent-node-size-in-tikz/121054#121054:text/html},
  url     = {https://tex.stackexchange.com/q/107227/16595},
  urldate = {2022-09-24},
}

@Misc{NodeFam-A,
  author  = {Qrrbrbirlbel},
  month   = jun,
  title   = {Answer to \enquote{{Dependent} node size in {TikZ}}},
  year    = {2013},
  file    = {Snapshot:https\://tex.stackexchange.com/questions/107227/dependent-node-size-in-tikz/121054#121054:text/html},
  url     = {https://tex.stackexchange.com/a/121054/16595},
  urldate = {2022-09-24},
}

'
@Misc{TimerRect-Q,
  author  = {CrazyArm},
  month   = apr,
  title   = {Is {It} {Possible} to {Combine} {TikZ} {Distance} and {Line}-{To} {Operations}?},
  year    = {2013},
  file    = {Snapshot:https\://tex.stackexchange.com/questions/106558/is-it-possible-to-combine-tikz-distance-and-line-to-operations/106571#106571:text/html},
  url     = {https://tex.stackexchange.com/q/106558/16595},
  urldate = {2022-09-24},
}

@Misc{TimerRect-A,
  author     = {Qrrbrbirlbel},
  month      = apr,
  title      = {Answer to \enquote{{Is} {It} {Possible} to {Combine} {TikZ} {Distance} and {Line}-{To} {Operations}?}},
  year       = {2013},
  file       = {Snapshot:https\://tex.stackexchange.com/questions/106558/is-it-possible-to-combine-tikz-distance-and-line-to-operations/106571#106571:text/html},
  shorttitle = {Answer to "{Is} {It} {Possible} to {Combine} {TikZ} {Distance} and {Line}-{To} {Operations}?},
  url        = {https://tex.stackexchange.com/a/106571/16595},
  urldate    = {2022-09-24},
}

'
@Misc{TimerPara-Q,
  author     = {cis},
  month      = may,
  title      = {{TikZ}: {How} to place a coordinate at parabola-path-position?},
  year       = {2020},
  file       = {Snapshot:https\://tex.stackexchange.com/questions/543251/tikz-how-to-place-a-coordinate-at-parabola-path-position/621012#621012:text/html},
  shorttitle = {{TikZ}},
  url        = {https://tex.stackexchange.com/q/543251/16595},
  urldate    = {2022-09-24},
}

@Misc{TimerPara-A,
  author     = {Qrrbrbirlbel},
  month      = nov,
  title      = {Answer to \enquote{{TikZ}: {How} to place a coordinate at parabola-path-position?}},
  year       = {2021},
  file       = {Snapshot:https\://tex.stackexchange.com/questions/543251/tikz-how-to-place-a-coordinate-at-parabola-path-position/621012#621012:text/html},
  shorttitle = {Answer to "{TikZ}},
  url        = {https://tex.stackexchange.com/a/621012/16595},
  urldate    = {2022-09-24},
}

'
@Misc{Pattern-Q,
  author     = {knut},
  month      = mar,
  title      = {{TikZ}: {Define} pattern with reference to external picture},
  year       = {2013},
  file       = {Snapshot:https\://tex.stackexchange.com/questions/103980/tikz-define-pattern-with-reference-to-external-picture/107144#107144:text/html},
  shorttitle = {{TikZ}},
  url        = {https://tex.stackexchange.com/q/103980/16595},
  urldate    = {2022-09-24},
}

@Misc{Pattern-A,
  author     = {Qrrbrbirlbel},
  month      = apr,
  title      = {Answer to \enquote{{TikZ}: {Define} pattern with reference to external picture}},
  year       = {2013},
  file       = {Snapshot:https\://tex.stackexchange.com/questions/103980/tikz-define-pattern-with-reference-to-external-picture/107144#107144:text/html},
  shorttitle = {Answer to "{TikZ}},
  url        = {https://tex.stackexchange.com/a/107144/16595},
  urldate    = {2022-09-24},
}

'
@Misc{WeekNum-Q,
  author  = {Fence},
  month   = nov,
  title   = {Add week day to calendar},
  year    = {2019},
  file    = {Snapshot:https\://tex.stackexchange.com/questions/517338/add-week-day-to-calendar/651888#651888:text/html},
  url     = {https://tex.stackexchange.com/q/517338/16595},
  urldate = {2022-09-24},
}

@Misc{WeekNum-A,
  author  = {Qrrbrbirlbel},
  month   = jul,
  title   = {Answer to \enquote{{Add} week day to calendar}},
  year    = {2022},
  file    = {Snapshot:https\://tex.stackexchange.com/questions/517338/add-week-day-to-calendar/651888#651888:text/html},
  url     = {https://tex.stackexchange.com/a/651888/16595},
  urldate = {2022-09-24},
}

'
@Misc{CalCond-Q,
  author  = {healyp},
  month   = oct,
  title   = {{TikZ} calendar and conditional tests},
  year    = {2013},
  file    = {Snapshot:https\://tex.stackexchange.com/questions/140948/tikz-calendar-and-conditional-tests/141027#141027:text/html},
  url     = {https://tex.stackexchange.com/q/140948/16595},
  urldate = {2022-09-24},
}

@Misc{CalCond-A,
  author  = {Qrrbrbirlbel},
  month   = oct,
  title   = {Answer to \enquote{{TikZ} calendar and conditional tests}},
  year    = {2013},
  file    = {Snapshot:https\://tex.stackexchange.com/questions/140948/tikz-calendar-and-conditional-tests/141027#141027:text/html},
  url     = {https://tex.stackexchange.com/a/141027/16595},
  urldate = {2022-09-24},
}

'
@Misc{CalMath-Q,
  author     = {cis},
  month      = dec,
  title      = {{TikZ} / calendar: {Set} the height of a monthly calendar},
  year       = {2018},
  file       = {Snapshot:https\://tex.stackexchange.com/questions/464589/tikz-calendar-set-the-height-of-a-monthly-calendar/653146#653146:text/html},
  shorttitle = {{TikZ} / calendar},
  url        = {https://tex.stackexchange.com/q/464589/16595},
  urldate    = {2022-09-24},
}

@Misc{CalMath-A,
  author     = {Qrrbrbirlbel},
  month      = aug,
  title      = {Answer to \enquote{{TikZ} / calendar: {Set} the height of a monthly calendar}},
  year       = {2022},
  file       = {Snapshot:https\://tex.stackexchange.com/questions/464589/tikz-calendar-set-the-height-of-a-monthly-calendar/653146#653146:text/html},
  shorttitle = {Answer to "{TikZ} / calendar},
  url        = {https://tex.stackexchange.com/a/653146/16595},
  urldate    = {2022-09-24},
}

'
@Misc{FullArc-Q,
  author  = {Peter, Anthony},
  month   = apr,
  title   = {A rather difficult ring like picture to be drawn},
  year    = {2017},
  file    = {Snapshot:https\://tex.stackexchange.com/questions/144293/a-rather-difficult-ring-like-picture-to-be-drawn/144297#144297:text/html},
  url     = {https://tex.stackexchange.com/q/144293/16595},
  urldate = {2022-09-24},
}

@Misc{FullArc-A,
  author  = {Qrrbrbirlbel},
  month   = nov,
  title   = {Answer to "{A} rather difficult ring like picture to be drawn"},
  year    = {2013},
  file    = {Snapshot:https\://tex.stackexchange.com/questions/144293/a-rather-difficult-ring-like-picture-to-be-drawn/144297#144297:text/html},
  url     = {https://tex.stackexchange.com/a/144297/16595},
  urldate = {2022-09-24},
}

'
@Misc{NodeFam-Ellipse,
  month   = jun,
  title   = {How to prevent tikz custom node fill from covering the text when using node-families library},
  year    = {2019},
  file    = {Snapshot:https\://tex.stackexchange.com/questions/494862/how-to-prevent-tikz-custom-node-fill-from-covering-the-text-when-using-node-fami:text/html},
  url     = {https://tex.stackexchange.com/q/494862/16595},
  urldate = {2022-09-24},
}

@Comment{jabref-meta: databaseType:bibtex;}
